@inproceedings{xia2015human,
  title={Human-aware mobile robot exploration and motion planner},
  author={Xia, Fei and Tyoan, Louae and Yang, Zhongtao and Uzoije, Ikenna and Zhang, Guangcong and Vela, Patricio A},
  booktitle={SoutheastCon 2015},
  pages={1--4},
  year={2015},
  organization={IEEE}
}